@article{Li2016TernaryWN,
  title={Ternary Weight Networks},
  author={Fengfu Li and Bin Liu},
  journal={ArXiv},
  year={2016},
  volume={abs/1605.04711}
}
@article{Xu2018TrainingAB,
  title={Training a Binary Weight Object Detector by Knowledge Transfer for Autonomous Driving},
  author={Jiaolong Xu and Peng Wang and Haishun Yang and Antonio M. L{\'o}pez},
  journal={2019 International Conference on Robotics and Automation (ICRA)},
  year={2018},
  pages={2379-2384}
}
@article{Rastegari2016XNORNetIC,
  title={XNOR-Net: ImageNet Classification Using Binary Convolutional Neural Networks},
  author={Mohammad Rastegari and Vicente Ordonez and Joseph Redmon and Ali Farhadi},
  journal={ArXiv},
  year={2016},
  volume={abs/1603.05279}
}
@article{redmon2016yolo9000,
  title={YOLO9000: Better, Faster, Stronger},
  author={Redmon, Joseph and Farhadi, Ali},
  journal={arXiv preprint arXiv:1612.08242},
  year={2016}
}
@article{yolov3,
  title={YOLOv3: An Incremental Improvement},
  author={Redmon, Joseph and Farhadi, Ali},
  journal = {arXiv},
  year={2018}
}

